<?xml version="1.0" encoding="UTF-8"?>
<record xmlns="http://www.loc.gov/MARC21/slim" xmlns:xsi="http://www.w3.org/2001/XMLSchema-instance" xsi:schemaLocation="http://www.loc.gov/MARC21/slim http://www.loc.gov/standards/marcxml/schema/MARC21slim.xsd">
<leader>00000cam a22      a 4500</leader>
<controlfield tag="001">002773040</controlfield>
<controlfield tag="003">NNU</controlfield>
<controlfield tag="005">20150410173849.0</controlfield>
<controlfield tag="008">911204s1883    ae            000 0 arard</controlfield>
<datafield tag="010" ind1=" " ind2=" ">
<subfield code="a">   75214152</subfield>
</datafield>
<datafield tag="035" ind1=" " ind2=" ">
<subfield code="a">(OCoLC)24889182</subfield>
</datafield>
<datafield tag="040" ind1=" " ind2=" ">
<subfield code="a">WAU</subfield>
<subfield code="b">eng</subfield>
<subfield code="c">WAU</subfield>
<subfield code="d">IUL</subfield>
<subfield code="d">OCLCQ</subfield>
<subfield code="d">OCLCA</subfield>
<subfield code="d">OCLCF</subfield>
<subfield code="d">OCLCQ</subfield>
<subfield code="d">NNU</subfield>
</datafield>
<datafield tag="050" ind1=" " ind2="4">
<subfield code="a">PN6519.A7</subfield>
<subfield code="b">M84 1883</subfield>
</datafield>
<datafield tag="100" ind1="0" ind2=" ">
<subfield code="6">880-01</subfield>
<subfield code="a">Mufaḍḍal ibn Muḥammad al-Ḍabbī,</subfield>
<subfield code="d">active 8th century.</subfield>
</datafield>
<datafield tag="245" ind1="1" ind2="0">
<subfield code="6">880-02</subfield>
<subfield code="a">Amthāl al-ʻArab /</subfield>
<subfield code="c">lil-Mufaḍḍal al-Ḍabbī. Wa-yalīhā Asrār al-ḥukamāʼ min qabīl al-naṣīḥah wa-al-taṣawwuf li-Yāqūt al-Mustaʻṣimī bi-khaṭṭih.</subfield>
</datafield>
<datafield tag="250" ind1=" " ind2=" ">
<subfield code="6">880-03</subfield>
<subfield code="a">al-Ṭabʻah 1.</subfield>
</datafield>
<datafield tag="260" ind1=" " ind2=" ">
<subfield code="6">880-04</subfield>
<subfield code="a">Qisṭanṭīnīyah :</subfield>
<subfield code="b">Maṭbaʻat al-Jawāʼib,</subfield>
<subfield code="c">1300 [1883]</subfield>
</datafield>
<datafield tag="300" ind1=" " ind2=" ">
<subfield code="a">165 pages ;</subfield>
<subfield code="c">24 cm</subfield>
</datafield>
<datafield tag="336" ind1=" " ind2=" ">
<subfield code="a">text</subfield>
<subfield code="b">txt</subfield>
<subfield code="2">rdacontent</subfield>
</datafield>
<datafield tag="337" ind1=" " ind2=" ">
<subfield code="a">unmediated</subfield>
<subfield code="b">n</subfield>
<subfield code="2">rdamedia</subfield>
</datafield>
<datafield tag="338" ind1=" " ind2=" ">
<subfield code="a">volume</subfield>
<subfield code="b">nc</subfield>
<subfield code="2">rdacarrier</subfield>
</datafield>
<datafield tag="650" ind1=" " ind2="0">
<subfield code="a">Proverbs, Arabic.</subfield>
</datafield>
<datafield tag="650" ind1=" " ind2="7">
<subfield code="a">Proverbs, Arabic.</subfield>
<subfield code="2">fast</subfield>
<subfield code="0">(OCoLC)fst01080229</subfield>
</datafield>
<datafield tag="700" ind1="0" ind2="2">
<subfield code="6">880-05</subfield>
<subfield code="a">Yāqūt al-Mustaʻṣimī,</subfield>
<subfield code="d">-1299?</subfield>
<subfield code="t">Asrār al-ḥukamāʼ.</subfield>
</datafield>
<datafield tag="740" ind1="0" ind2="2">
<subfield code="6">880-06</subfield>
<subfield code="a">Asrār al-ḥukamāʼ.</subfield>
</datafield>
<datafield tag="776" ind1="0" ind2="8">
<subfield code="i">Online version:</subfield>
<subfield code="a">Mufaḍḍal ibn Muḥammad al-Ḍabbī, 8th cent.</subfield>
<subfield code="t">Amthāl al-ʻArab.</subfield>
<subfield code="b">al-Ṭabʻah 1.</subfield>
<subfield code="d">Qisṭanṭīnīyah : Maṭbaʻat al-Jawāʼib, 1300 [1883]</subfield>
<subfield code="w">(OCoLC)760801518</subfield>
</datafield>
<datafield tag="880" ind1="0" ind2=" ">
<subfield code="6">100-01/</subfield>
<subfield code="a">مفضل بن محمد الضبي،</subfield>
<subfield code="d">active 8th century.</subfield>
</datafield>
<datafield tag="880" ind1="1" ind2="0">
<subfield code="6">245-02/</subfield>
<subfield code="a">أمثال العرب /</subfield>
<subfield code="c">للمفضل الضبي. ويليها أسرار الحكماء من قبيل النصيحة والتصوف / لياقوت المستعصمي.</subfield>
</datafield>
<datafield tag="880" ind1=" " ind2=" ">
<subfield code="6">250-03/</subfield>
<subfield code="a">الطبعة ١.</subfield>
</datafield>
<datafield tag="880" ind1=" " ind2=" ">
<subfield code="6">260-04/</subfield>
<subfield code="a">قسطنطينية :</subfield>
<subfield code="b">مطبعة الجوائب،</subfield>
<subfield code="c">1300 [1883]</subfield>
</datafield>
<datafield tag="880" ind1="0" ind2="2">
<subfield code="6">700-05/</subfield>
<subfield code="a">ياقوت المستعصمي.</subfield>
<subfield code="t">أسرار الحكماء.</subfield>
</datafield>
<datafield tag="880" ind1="0" ind2="2">
<subfield code="6">740-06/</subfield>
<subfield code="a">اسرار الحكماء.</subfield>
</datafield>
<datafield tag="OWN" ind1=" " ind2=" ">
<subfield code="a">GENERAL</subfield>
</datafield>
<datafield tag="AVA" ind1=" " ind2=" ">
<subfield code="a">NYU50</subfield>
<subfield code="b">BOBST</subfield>
<subfield code="c">Main Collection</subfield>
<subfield code="d">PN6519.A7 M75 1883</subfield>
<subfield code="e">unavailable</subfield>
<subfield code="t">Unavailable</subfield>
<subfield code="f">1</subfield>
<subfield code="g">1</subfield>
<subfield code="h">N</subfield>
<subfield code="i">0</subfield>
<subfield code="j">MAIN</subfield>
<subfield code="k">0</subfield>
</datafield>
</record>
